@article{aikio2002,
  title={New and Old Samoyed Etymologies},
  author={Ante Aikio},
  journal={Finnisch-Ugrische Forschungen (FUF)},
  volume={57},
  pages={9--57},
  year={2002}
}

@incollection{aikio2004,
  title = {An Essay on Substrate Studies and the Origin of Saami},
  author = {Ante Aikio},
  booktitle = {Etymologie, Entlehnungen und Entwicklungen: Festschrift f\"ur Jorma Koivulehto zum 70. Geburtstag},
  address = {Helsinki},
  pages = {5--34},
  editor = {Irma Hyv\"arinen and Petri Kallio and Jarmo Korhonen},
  series = {M\'emoires de la Soci\'et\'e N\'eophilologique de Helsinki 63},
  year = {2004}
}

@article{aikio2006etym,
  title={New and Old Samoyed Etymologies II},
  author={Ante Aikio},
  journal={Finnisch-Ugrische Forschungen (FUF)},
  volume={59},
  pages={5--34},
  year={2006}
}

@article{aikio2006contacts,
  title={On Germanic-Saami contacts and Saami prehistory},
  author={Ante Aikio},
  journal={Journal de la Soci{\'e}t{\'e} Finno-Ougrienne},
  volume={91},
  pages={9--55},
  year={2006}
}

@article{aikio2012,
  title={An essay on Saami ethnolinguistic prehistory},
  author={{\'A}nte, Luobbal S{\'a}mmol S{\'a}mmol},
  journal={A Linguistic Map of Prehistoric Northern Europe. M{\'e}moires de la Soci{\'e}t{\'e} Finno-Ougrienne},
  volume={266},
  pages={63--117},
  year={2012}
}

@article{aikio2014,
  title={The Uralic-Yukaghir lexical correspondences: genetic inheritance, language contact or chance resemblance?},
  author={Ante Aikio},
  journal={Finnisch-Ugrische Forschungen (FUF)},
  volume={62},
  pages={7--76},
  year={2014}
}

@misc{algu,
  editor    = {Kotimaisten kielten keskus},
  title     = {\'{A}lgu-tietokanta},
  year = {2015},
  howpublished = {http://kaino.kotus.fi/algu/}
}

@book{anikin_helimski_2007,
 title = {Samodijsko-tunguso-man’čžurskie leksičeskie sv’azy},
 publisher = {Jazyki slav’anskoj kul’tury},
 year = {2007},
 author = {A. E. Anikin and E. A. Helimskij},
 address = {Moskva}
}

@article{atkinson2005,
  title={Curious parallels and curious connections — phylogenetic thinking in biology and historical linguistics},
  author={Atkinson, Quentin D. and Gray, Russell D.},
  journal={Systematic Biology},
  volume={54},
  number={4},
  pages={513--526},
  year={2005},
  publisher={Oxford University Press}
}

@article{atkinson_ea_2008,
  author = {Quentin D. Atkinson and Andrew Meade and Chris Venditti and Simon J. Greenhill and Mark Pagel},
  title = {Languages Evolve in Punctuational Bursts},
  volume = {319},
  number = {5863},
  pages = {588--588},
  year = {2008},
  publisher = {American Association for the Advancement of Science},
  journal = {Science}
}

@misc{asjp16,
  author = {Søren Wichmann and André Müller and Annkathrin Wett and Viveka Velupillai and Julia Bischoffberger and Cecil H. Brown and Eric W. Holman and Sebastian Sauppe and Zarina Molochieva and Pamela Brown and Harald Hammarström and Oleg Belyaev and Johann-Mattis List and Dik Bakker and Dmitry Egorov and Matthias Urban and Robert Mailhammer and Agustina Carrizo and Matthew S. Dryer and Evgenia Korovina and David Beck and Helen Geyer and Pattie Epps and Anthony Grant and Pilar Valenzuela},
  title = {The ASJP Database (version 16)},
  year = {2013},
  note = {http://email.eva.mpg.de/$_{\widetilde{~}}$wichmann/ASJPHomePage.htm}
}

@misc{asjp17,
  author = {Søren Wichmann and Eric W. Holman and Cecil H. Brown},
  title = {The ASJP Database (version 17)},
  year = {2016},
  note = {http://asjp.clld.org/}
}

@article{baba_ea_2004,
  title={Partial correlation and conditional correlation as measures of conditional independence},
  author={Kunihiro Baba and Ritei Shibata and Masaaki Sibuya},
  journal={Australian \& New Zealand Journal of Statistics},
  volume={46},
  number={4},
  pages={657--664},
  year={2004},
  publisher={Wiley Online Library}
}

@incollection{bailey1987,
  title={Armenia and Iran iv. Iranian influences in Armenian Language},
  author={H. W. Bailey},
  booktitle={Encyclop\ae{}dia Iranica, Vol. II, Fasc. 4-5},
  editor={Ehsan Yarshater},
  pages={445-465},
  year={1987},
  publisher={Encyclop\ae{}dia Iranica Foundation},
  address={London}
}

@article{beckwith2005,
  title={The ethnolinguistic history of the early {K}orean peninsula region: {J}apanese-{K}oguryŏic and other languages in the {K}oguryŏ, {P}aekche, and {S}illa kingdoms},
  author={Beckwith, Christopher I.},
  journal={Journal of Inner and East Asian Studies},
  volume={2},
  number={2},
  pages={34--64},
  year={2005}
}

@incollection{bereczki1988,
 author = {Gábor Bereczki},
 title = {Geschichte der wolgafinnischen Sprachen},
 booktitle = {The Uralic Languages. Description, History and Foreign Influences.},
 crossref = {sinor1988},
 pages={314--350},
}

@book{bergsland1959,
  title = {The Eskimo-Uralic hypothesis},
  author = {Knut Bergsland},
  year = {1959},
  publisher = {Suomalais-ugrilainen Seura}
}

@inproceedings{bergsma_kondrak_2007,
  title={Multilingual cognate identification using integer linear programming},
  author={Shane Bergsma and Grzegorz Kondrak},
  booktitle={RANLP Workshop on Acquisition and Management of Multilingual Lexicons},
  year={2007}
}

@article{bouchardcote_ea_2013,
   author = {Alexandre Bouchard-C\^ot\'e and David Hall and Thomas L. Griffiths and Dan Klein},
   title = {Automated reconstruction of ancient languages using probabilistic models of sound change},
   journal = {Proceedings of the National Academy of Sciences},
   volume = {10.1073/pnas.1204678110},
   year = {2013}
}

@article{bouckaert_ea_2012,
  title={Mapping the origins and expansion of the Indo-European language family},
  author={Bouckaert, Remco and Lemey, Philippe and Dunn, Michael and Greenhill, Simon J. and Alekseyenko, Alexander V. and Drummond, Alexei J. and Gray, Russell D. and Suchard, Marc A. and Atkinson, Quentin D.},
  journal={Science},
  volume={337},
  number={6097},
  pages={957--960},
  year={2012},
  publisher={American Association for the Advancement of Science}
}

@inproceedings{bouma2009,
  title = {Normalized (pointwise) mutual information in collocation extraction},
  author = {Gerlof Bouma},
  booktitle = {Proceedings of the Biennial GSCL Conference},
  volume = {156},
  year = {2009}
}

@article{bowern_atkinson_2012,
  title={Computational phylogenetics and the internal structure of Pama-Nyungan},
  author={Bowern, Claire and Atkinson, Quentin D.},
  journal={Language},
  volume={88},
  number={4},
  pages={817--845},
  year={2012},
  publisher={Linguistic Society of America}
}

@book{bowern_evans_2015,
  title={The Routledge Handbook of Historical Linguistics},
  editor={Claire Bowern and Bethwyn Evans},
  year={2015},
  publisher={Routledge}
}

@article{bowern2016,
  author={Claire Bowern},
  title={Chirila: Contemporary and Historical Resources for the Indigenous Languages of Australia.},
  volume={10},
  journal={Language Documentation and Conservation},
  note = {http://nflrc.hawaii.edu/ldc/},
  year = {2016}
}

@article{brown_ea_2008,
  author = {Cecil H. Brown and  Eric W. Holman and S\o{}ren Wichmann and Viveka Velupillai},
  title = {Automated classification of the world's languages: A description of the method and preliminary results},
  journal = {STUF – Language Typology and Universals},
  volume = {61},
  number = {4},
  year = {2008},
  pages = {285--308}
}

@article{brown_ea_2013,
  author = {Cecil H. Brown and  Eric W. Holman and S\o{}ren Wichmann},
  title = {Sound Correspondences in the World's Languages},
  journal = {Language},
  volume = {89},
  number = {1},
  year = {2013},
  pages = {4--29}
}

@article{bryant_moulton_2004,
  author = {David Bryant and Vincent Moulton}, 
  title = {Neighbor-Net: An Agglomerative Method for the Construction of Phylogenetic Networks},
  journal = {Molecular Biology and Evolution},
  volume = {21}, 
  number = {2}, 
  pages = {255-265}, 
  year = {2004}
}

@book{buck1949,
  title = {A Dictionary of Selected Synonyms in the Principal Indo-European Languages},
  author = {Carl D. Buck},
  year = {1949},
  publisher = {University of Chicago}
}

@book{campbell1999,
  title = {Historical Linguistics: An Introduction},
  author = {Lyle Campbell},
  year = {1999},
  publisher = {The MIT Press},
  address = {Cambridge, Massachusetts}
}

@article{chaves_ea_2014,
  title={Inferring latent structures via information inequalities},
  author={Chaves, Rafael and Luft, Lukas and Maciel, Thiago O. and Gross, David and Janzing, Dominik and Sch{\"o}lkopf, Bernhard},
  journal={arXiv preprint arXiv:1407.2256},
  year={2014}
}

@article{chickering2002,
  title={Optimal structure identification with greedy search},
  author={David Maxwell Chickering},
  journal={Journal of Machine Learning Research},
  volume={3},
  number={Nov},
  pages={507--554},
  year={2002}
}

@inproceedings{claassen_heskes_2012,
 author = {Tom Claassen Tom Heskes},
 title = {A Bayesian Approach to Constraint Based Causal Inference},
 booktitle = {Proceedings of the Twenty-Eighth Conference on Uncertainty in Artificial Intelligence},
 series = {UAI'12},
 year = {2012},
 location = {Catalina Island, CA},
 pages = {207--216},
 publisher = {AUAI Press},
 address = {Arlington, Virginia, United States}
}

@article{collinder1940,
  title={Jukagirisch und Uralisch},
  author={Collinder, Bj{\"o}rn},
  journal = {Uppsala Universitets {\AA}rsskrift},
  publisher = {Almqvist \& Wiksell},
  address = {Uppsala},
  number = {8},
  year = {1940}
}

@article{colombo_ea_2012,
  author = {Diego Colombo and Marloes H. Maathuis and Markus Kalisch and Thomas S. Richardson},
  title = {Learning high-dimensional directed acyclic graphs with latent and selection variables},
  journal = {The Annals of Statistics},
  volume = {40},
  number = {1},
  year = {2012},
  pages = {294 -- 321},
  publisher = {The Institute of Mathematical Statistics},
  month = {02}
}

@article{colombo_maathuis_2014,
  title={Order-independent constraint-based causal structure learning.},
  author={Diego Colombo and Marloes H. Maathuis},
  journal={Journal of Machine Learning Research},
  volume={15},
  number={1},
  pages={3741--3782},
  year={2014}
}

@article{corson1995,
  place = {New York, USA},
  title = {Norway's ``Sámi Language Act'': Emancipatory implications for the world's aboriginal peoples},
  volume = {24},
  number = {4},
  journal = {Language in Society},
  publisher={Cambridge University Press},
  author={David Corson},
  year={1995},
  month={Sep},
  pages={493--514}
}

@book{cover_thomas_2006,
  title = {Elements of information theory},
  author = {Thomas M Cover and Joy A Thomas},
  year = {2006},
  publisher = {John Wiley \& Sons},
  note = {Second edition}
}

@book{de_vaan_2008,
  title={Etymological Dictionary of Latin and the Other Italic Languages},
  author={de Vaan, Michiel Arnoud Cor},
  series={Leiden Indo-European etymological dictionary series},
  year={2008},
  volume={7},
  publisher={Brill}
}

@incollection{decsy1988,
 author = {Gyula D{\'e}csy},
 title = {Slawischer Einfluss auf die uralischen Sprachen},
 booktitle = {The Uralic Languages. Description, History and Foreign Influences.},
 crossref = {sinor1988},
 pages={616--637},
}

@inproceedings{dellert2014,
  author={Dellert, Johannes},
  title= {Evaluating Cross-Linguistic Polysemies as a Model of Semantic Change for Cognate Finding},
  year = {2014},
  note={Workshop on semantic technologies for research in the humanities and social sciences (STRiX). November 24-25, Gothenburg, Sweden}
}

@inproceedings{dellert2015a,
  author={Dellert, Johannes},
  title={Compiling the {U}ralic Dataset for {N}orth{E}ura{L}ex, a Lexicostatistical Database of {N}orthern {E}urasia},
  year = {2015},
  note={First International Workshop on Computational Linguistics for Uralic Languages. January 16, Troms\o{}, Norway}
}

@inproceedings{dellert_buch_2015,
  author={Dellert, Johannes and Buch, Armin},
  title={Using computational criteria to extract large Swadesh lists for lexicostatistics.},
  year = {2015},
  note={Leiden Workshop on Capturing Phylogenetic Algorithms for Linguistics. October 26-30, Leiden, The Netherlands}
}

@inproceedings{dellert2016a,
  author={Dellert, Johannes},
  title={Uralic and its Neighbors as a Test Case for a Lexical Flow Model of Language Contact.},
  year = {2016},
  note={Second International Workshop on Computational Linguistics for Uralic Languages. January 20, Szeged, Hungary}
}

@inproceedings{dellert2016b,
  author={Dellert, Johannes},
  title={Using Causal Inference to Detect Directional Tendencies in Semantic Evolution.},
  year = {2016},
  note={11th International Conference on the Evolution of Language (EvoLang 2016). March 21-24, New Orleans, Lousiana, USA}
}

@article{dendroscope,
  title={Dendroscope 3: an interactive tool for rooted phylogenetic trees and networks},
  author={Daniel H. Huson and Celine Scornavacca},
  journal={Systematic Biology},
  volume={61},
  number={6},
  pages={1061--1067},
  year={2012},
  publisher={Oxford University Press}
}

@inproceedings{dolgopolsky1964,
  author={Aron B. Dol’gopol’skij},
  title={Gipoteza drevnejšego rodstva jazykov Severnoj Evrazii. Problemy fonetičeskih sootvetstvij.},
  year = {1964},
  note = {Doklad k VII Meždunarodnomu kongressu antropologičeskih i ètnografičeskih nauk},
  publisher = {Nauka, Moskva}
}

@article{dunn_ea_2008,
  title={Structural phylogeny in historical linguistics: methodological explorations applied in Island Melanesia},
  author={Dunn, Michael and Levinson, Stephen C. and Lindstr{\"o}m, Eva and Reesink, Ger and Terrill, Angela},
  journal={Language},
  volume={84},
  number={4},
  pages={710--759},
  year={2008},
  publisher={Linguistic Society of America}
}

@article{dunn2000,
  title={Planning for failure: The niche of standard Chukchi},
  author={Michael Dunn},
  journal={Current Issues in Language Planning},
  volume={1},
  number={3},
  pages={389--399},
  year={2000},
  publisher={Taylor \& Francis}
}

@book{dybo2007,
  title={Lingvističeskie kontakty rannih t’urkov: leksičeskij fond prat’urkskij period},
  author={Anna V. Dybo},
  year={2007},
  publisher={Vostočnaja literatura RAN}
}

@article{dyen_ea_1967,
 abstract = {Preliminary estimates of language divergence and word retention have been obtained by means of a log log transform from data consisting of the determinations of cognations in the lexicostatistical lists of Austronesian languages. Corrections have been obtained to the preliminary estimates by a maximum likelihood estimation method which assigns appropriate scores to represent the weight of evidence contributed by each determination of cognation.},
 author = {Isidore Dyen and A. T. James and J. W. L. Cole},
 journal = {Language},
 number = {1},
 pages = {150-171},
 publisher = {Linguistic Society of America},
 title = {Language Divergence and Estimated Word Retention Rate},
 volume = {43},
 year = {1967}
}

@article{dyen_ea_1992,
  author  = {Isidore Dyen and Joseph B. Kruskal and Paul Black},
  journal = {Transactions of the American Philosophical Society},
  number  = {5},
  pages   = {iii-132},
  title   = {An Indoeuropean classification. A lexicostatistical experiment},
  volume  = {82},
  year    = {1992}
}

@inproceedings{ellison2007,
  title={Bayesian identification of cognates and correspondences},
  author={Ellison, T. Mark},
  booktitle={Proceedings of Ninth Meeting of the ACL Special Interest Group in Computational Morphology and Phonology},
  pages={15--22},
  year={2007},
  organization={Association for Computational Linguistics}
}

@Book{embleton1986,
  title = {Statistics in Historical Linguistics},
  publisher = {Studienverlag Dr. N. Brockmeyer},
  year = {1986},
  author = {Embleton, Sheila M.},
  volume = {30},
  series = {Quantitative Linguistics},
  address = {Bochum, Germany},
}

@article{ethnologue,
  title={Ethnologue: Languages of the world sixteenth edition},
  author={Lewis, M. Paul},
  journal={Dallas, Tex.: SIL International. Online version: http://www. ethnologue. com},
  year={2009}
}

@TechReport{etymon,
 author = {R. Yangarber and M. Salmenkivi and M. Välisalo},
 title = {A Database of the Uralic language family for etymological research},
 institution = {University of Helsinki},
 year = {2008},
 note = {Technical Report Series C; C-2008-38}
}

@article{evans_wilkins_2000,
  title = {In the Mind's Ear: The Semantic Extensions of Perception Verbs in {A}ustralian Languages},
  author = {Evans, Nicholas and Wilkins, David},
  journal = {Language},
  volume = {76},
  number = {3},
  pages = {546--592},
  ISSN = {00978507},
  abstract = {This article tests earlier claims about the universality of patterns of polysemy and semantic extension in the domain of perception verbs. Utilizing data from a broad range (approx. 60) of Australian languages, we address two hypothesized universals. The first is Viberg's (1984) proposed unidirectional pattern of extension from higher to lower sensory modalities (i.e. INTRAFIELD extensions, like 'see' > 'hear'). The second hypothesized universal is that put forward by Sweetser (1990) regarding the extension of perception verbs to cognition readings (i.e. TRANSFIELD extensions, like 'see' > 'know'). She suggests that vision has primacy as the modality from which verbs of higher intellection, such as 'knowing' and 'thinking', are recruited, and proposes that verbs meaning 'hear' would not take on these readings, although they often extend to mean 'understand' or 'obey'. Though both hypotheses assign primacy to vision among the senses, the results of our Australian study show that Viberg's 
proposal remains intact, while Sweetser's is proved false. Australian languages recruit verbs of cognition like 'think' and 'know' from 'hear', but not from 'see'. It appears that, at least as far as perception verbs are concerned, transfield semantic changes are subject to greater cultural variability than intrafield semantic changes. We argue that the same semantic domain can have its UNIVERSAL and its RELATIVISTIC side, a foot in nature and a foot in culture, and conclude by demonstrating that there are good social and cultural reasons driving the extension of 'hearing', but not 'seeing', to 'know' and 'think' in Australian Aboriginal societies.},
  language = {English},
  year = {2000},
  publisher = {Linguistic Society of America},
  copyright = {Copyright © 2000 Linguistic Society of America},
}

@article{feist2011,
  title={A grammar of Skolt Saami},
  author={Timothy Richard Feist},
  year={2011},
  publisher={The University of Manchester, Manchester, UK}
}

@book{felsenstein2004,
  title={Inferring phylogenies},
  author={Felsenstein, Joseph},
  year={2004},
  publisher={Sinauer Associates, Sunderland}
}

@incollection{fillmore1976,
  author = {Fillmore, Charles J.},
  booktitle = {Origins and evolution of language and speech},
  editor = {Harnad, S.},
  pages = {155--202},
  publisher = {{A}cademy of {S}ciences},
  title = {{F}rame semantics and the nature of language},
  year = 1976
}

@book{finkenstaedt_wolff_1973,
  title={Ordered profusion; studies in dictionaries and the English lexicon},
  author={Thomas Finkenstaedt and Dieter Wolff},
  year={1973},
  publisher={C. Winter}
}

@book{fisher1925,
  title={Statistical methods for research workers},
  author={Ronald A. Fisher},
  year={1925},
  publisher={Genesis Publishing Pvt Ltd}
}

@article{fitch1971,
  title={Toward defining the course of evolution: minimum change for a specific tree topology},
  author={Fitch, Walter M.},
  journal={Systematic zoology},
  pages={406--416},
  year={1971}
}

@book{fortescue1998,
  title={Language relations across Bering Strait: reappraising the archaeological and linguistic evidence},
  author={Michael D. Fortescue},
  series={Open linguistics series},
  year={1998},
  publisher={Cassell}
}

@book{fortescue2005,
  title={Comparative Chukotko-Kamchatkan Dictionary},
  author={Michael D. Fortescue},
  series={Trends in Linguistics. Documentation [TiLDOC]},
  year={2005},
  publisher={De Gruyter}
}

@book{fortescue_ea_2010,
  title={Comparative Eskimo Dictionary: With Aleut Cognates},
  author={Michael D. Fortescue and Steven Jacobson and Lawrence Kaplan},
  series={Alaska Native Language Center research papers},
  year={2010},
  publisher={Alaska Native Language Center, University of Alaska Fairbanks}
}

@article{fortescue2011,
  title = {The relationship of Nivkh to Chukotko-Kamchatkan revisited},
  author = {Fortescue, Michael D.},
  year = {2011},
  volume = {121},
  pages = {1359--1376},
  journal = {Lingua},
  publisher = {Elsevier BV}
}

@article{fortescue2016,
  title = {How the accusative became the relative: a Samoyedic key to the Eskimo-Uralic relationship?},
  author = {Fortescue, Michael D.},
  year = {2016},
  volume = {6},
  pages = {72--92},
  journal = {Journal of Historical Linguistics},
  publisher = {JohnBenjamins Publishing Co.},
  number = {1}
}

@incollection{francois2008,
  title = {Semantic maps and the typology of colexification: Intertwining polysemous networks across languages},
  author = {Alexandre Fran\c{c}ois},
  booktitle = {From Polysemy to Semantic change: Towards a Typology of Lexical Semantic Associations},
  publisher = {Benjamins},
  address = {Amsterdam},
  pages = {163--215},
  editor = {Martine Vanhove},
  series = {Studies in Language Companion Series},
  year = {2008}
}

@incollection{francois2014,
  booktitle = {The Routledge Handbook of Historical Linguistics},
  title = {Trees, waves and linkages. Models of language diversification},
  year = {2014},
  author = {Alexandre Fran\c{c}ois},
  editor = {Claire Bowern and Bethwyn Evans},
  publisher = {Routledge},
  pages = {161--189},
  address = {London}
}

@article{frey_dueck_2007,
  author = {Brendan J. Frey and Delbert Dueck},
  title = {Clustering by Passing Messages Between Data Points},
  journal = {Science},
  volume = {315},
  pages = {972--976},
  year = {2007}
}

@article{geeraerts1993,
  title={Vagueness’s puzzles, polysemy’s vagaries},
  author={Geeraerts, Dirk},
  journal={Cognitive linguistics},
  volume={4},
  number={3},
  pages={223--272},
  year={1993},
  publisher={Longman}
}

@incollection{geisler_list_2010,
  publisher = {Reichert},
  author = {Geisler, Hans and List, Johann-Mattis},
  booktitle = {Die Ausbreitung des Indogermanischen. Thesen aus Sprachwissenschaft, Arch\"{a}ologie und Genetik},
  title = {Beautiful trees on unstable ground. Notes on the data problem in lexicostatistics},
  note = {manuscript as submitted in 2010, which is still waiting for publication},
  year = {2010},
  editor = {Hettrich, Heinrich},
  address = {Wiesbaden}
}

@misc{glottolog,
  author={Hammarstr\"om, Harald and Forkel, Robert and Haspelmath, Martin and Bank, Sebastian},
  title={Glottolog 2.5},
  year={2015},
  address={Leipzig: Max Planck Institute for Evolutionary Anthropology},
  url={http://glottolog.org}
}

@article{goldberg2016,
 author = {Goldberg, Yoav},
 title = {A Primer on Neural Network Models for {N}atural {L}anguage {P}rocessing},
 journal = {Journal of Artificial Intelligence Research},
 volume = {57},
 number = {1},
 month = sep,
 year = {2016},
 pages = {345--420},
 numpages = {76},
 publisher = {AI Access Foundation},
 address = {USA},
} 

@article{gray_jordan_2000,
  title={Language trees support the express-train sequence of Austronesian expansion},
  author={Russell D. Gray and Fiona M. Jordan},
  journal={Nature},
  volume={405},
  number={6790},
  pages={1052--1055},
  year={2000},
  publisher={Nature Publishing Group}
}

@article{gray_atkinson_2003,
  title={Language-tree divergence times support the Anatolian theory of Indo-European origin},
  author={Russell D. Gray and Quentin D. Atkinson},
  journal={Nature},
  volume={426},
  number={6965},
  pages={435--439},
  year={2003},
  publisher={Nature Publishing Group}
}

@article{greenhill_ea_2008,
  author = {Simon J. Greenhill and Robert Blust and Russell D. Gray},
  title = {The Austronesian Basic Vocabulary Database: from bioinformatics to lexomics.},
  number = {4},
  pages = {271--283},
  year = {2008},
  journal = {Evolutionary Bioinformatics}
}

@article{greenhill_ea_2009,
  author = {Simon J. Greenhill and Thomas E. Currie and Russell D. Gray},
  title = {Does horizontal transmission invalidate cultural phylogenies?},
  volume = {276},
  number = {1665},
  pages = {2299--2306},
  year = {2009},
  publisher = {The Royal Society},
  journal = {Proceedings of the Royal Society of London B: Biological Sciences}
}

@article{greenhill2015,
  title={TransNewGuinea.org: An Online Database of New Guinea Languages.},
  author={Simon J. Greenhill},
  journal={PLoS ONE},
  number = {10},
  pages={e0141563},
  year={2015}
}

@book{gruzdeva1998,
  title={Nivkh},
  author={Ekaterina Gruzdeva},
  volume={111},
  year={1998},
  publisher={Lincom Europa}
}

@inproceedings{guy1984,
  author={Jacques B.M. Guy},
  title={An algorithm for identifying cognates between related languages},
  year = {1984},
  booktitle={Proceedings of the 10th International Conference on Computational Linguistics and 22nd annual meeting on Association for Computational Linguistics},
  pages={448--451},
  address={Stanford, California}
}

@article{hakkinen2006,
  title={Uralilaisen kantakielen tutkiminen},
  author={Jaakko H\"akkinen},
  journal={Tieteess\"a tapahtuu},
  volume={1},
  pages={52--58},
  year={2006}
}

@mastersthesis{hakkinen2007,
  author = {Jaakko H\"akkinen},
  title = {Kantauralin murteutuminen vokaalivastaavuuksien valossa},
  school = {University of Helsinki, Faculty of Arts, Department of Finno-Ugrian Studies},
  year = {2007}
}

@article{hakkinen2009,
  title={Kantauralin ajoitus ja paikannus: perustelut puntarissa},
  author={Jaakko H\"akkinen},
  journal={Journal de la Soci{\'e}t{\'e} Finno-Ougrienne},
  volume={92},
  pages={9--56},
  year={2009}
}

@article{hakkinen2012,
  title={Early contacts between Uralic and Yukaghir},
  author={Jaakko H\"akkinen},
  journal={Journal de la Soci{\'e}t{\'e} Finno-Ougrienne},
  volume={264},
  pages={91-101},
  year={2012}
}

@incollection{haspelmath2003,
  title={The geometry of grammatical meaning: Semantic maps and cross-linguistic comparison},
  author={Haspelmath, Martin},
  booktitle={The New Psychology of Language},
  editor={Michael Tomasello},
  volume={2},
  pages={211--242},
  year={2003},
  publisher={Mahwah, NJ: Lawrence Erlbaum}
}

@book{haspelmath2005wals,
  title={The world atlas of language structures},
  author={Haspelmath, Martin},
  year={2005},
  publisher={Oxford University Press}
}

@incollection{haspelmath2008,
 author = {Martin Haspelmath},
 title = {Loanword typology: Steps toward a systematic cross-linguistic study of lexical borrowability},
 booktitle = {Aspects of Language Contact},
 crossref = {stolz_ea_2008},
 pages={43-62}
}

@inproceedings{hauer_kondrak_2011,
  author = {Bradley Hauer and Grzegorz Kondrak},
  title = {Clustering Semantically Equivalent Words into Cognate Sets in Multilingual Lists},
  booktitle = {Fifth International Joint Conference on Natural Language Processing, {IJCNLP} 2011, Chiang Mai, Thailand, November 8-13, 2011},
  pages = {865--873},
  year = {2011}
}

@incollection{hausenberg1998,
  author = {Anu-Reet Hausenberg},
  title = {Komi},
  booktitle = {The Uralic Languages},
  crossref = {abondolo1998},
  pages={305--326}
}

@incollection{hawkins1990,
  author = {John A. Hawkins},
  booktitle = {The Major Languages of Western Europe},
  editor = {Bernard Comrie},
  pages = {58--66},
  publisher = {Routledge},
  title = {Germanic Languages},
  year = 1990
}

@incollection{helimski1998,
  author = {Eugene Helimski},
  title = {Selkup},
  booktitle = {The Uralic Languages},
  crossref = {abondolo1998},
  pages={548--579}
}

@book{hewitt2004,
  title={Introduction to the study of the languages of the {C}aucasus},
  author={George Hewitt},
  series={LINCOM handbooks in linguistics},
  year={2004},
  publisher={Lincom Europa},
  volume = {19}
}

@inproceedings{hewson1974,
  title={Comparative reconstruction on the computer},
  author={John Hewson},
  year={1974},
  booktitle={Proceedings of the 1st International Conference on Historical Linguistics},
  pages={191--197}
}

@unpublished{hochmuth_ea_2008,
  author = {Mirko Hochmuth and Anke L\"udeling and Ulf Leser},
  title = {Simulating and reconstructing language change},
  note = {Dokumenten-Publikationsserver der Humboldt-Universit\"at zu Berlin},
  year = {2008}
}

@book{hock_joseph_1996,
  author={Hans H. Hock and Brian D. Joseph},
  title={Language History, Language Change, and Language Relationship. An Introduction to Historical and Comparative Linguistics},
  year={1996},
  publisher={Mouton de Gruyter}
}

@article{holden2002,
  title={Bantu language trees reflect the spread of farming across sub-Saharan Africa: a maximum-parsimony analysis},
  author={Holden, Clare Janaki},
  journal={Proceedings of the Royal Society of London B: Biological Sciences},
  volume={269},
  number={1493},
  pages={793--799},
  year={2002},
  publisher={The Royal Society}
}

@incollection{hollmann2009,
  title={Semantic change},
  author={Hollmann, Willem B.},
  booktitle={English language: description, variation and context},
  editor={Jonathan Culpeper and Francis Katamba and Paul Kerswill and Tony McEnery},
  pages={301-312},
  year={2009},
  publisher={Basingstoke: Palgrave}
}

@article{holman2005,
  author = {Eric W. Holman}, 
  title = {Nodes in Phylogenetic Trees: The Relation Between Imbalance and Number of Descendent Species},
  volume = {54}, 
  number = {6}, 
  pages = {895-899}, 
  year = {2005}, 
  journal = {Systematic Biology} 
}

@article{holman_ea_2009,
  author = {Eric W. Holman and Søren Wichmann and Cecil H. Brown and Viveka Velupillai and André Müller and Dik Bakker},
  title = {Explorations in automated language classification},
  journal = {Folia Linguistica},
  volume = {42},
  number = {3-4},
  year = {2009},
  pages = {331-354}
}

@article{hruschka_ea_2015,
  title = {Detecting Regular Sound Changes in Linguistics as Events of Concerted Evolution},
  author = {Daniel J. Hruschka and Simon Branford and Eric D. Smith and Jon Wilkins and Andrew Meade and Mark Pagel and Tanmoy Bhattacharya},
  journal = {Current Biology},
  volume = {25},
  number = {1},
  pages = {1-9},
  year = {2015}
}

@article {huelsenbeck_bollback_2001,
  author = {John P. Huelsenbeck and Jonathan P. Bollback},
  title = {Empirical and Hierarchical Bayesian Estimation of Ancestral States},
  journal = {Systematic Biology},
  volume = {50},
  number = {3},
  year = {2001}
}

@article{huson_bryant_2006,
  author = {Daniel H. Huson and David Bryant}, 
  title = {Application of Phylogenetic Networks in Evolutionary Studies},
  volume = {23}, 
  number = {2}, 
  pages = {254-267}, 
  year = {2006},
  journal = {Molecular Biology and Evolution} 
}

@article{huson_ea_2007,
  title = {Dendroscope: An interactive viewer for large phylogenetic trees},
  author = {Daniel H. Huson and Daniel C. Richter and Christian Rausch and Tobias Dezulian and Markus Franz and Regula Rupp},
  journal = {BMC bioinformatics},
  volume = {8},
  number = {1},
  pages = {460},
  year = {2007},
  publisher = {BioMed Central}
}

@book{ids,
  address   = {Leipzig},
  editor    = {Mary Ritchie Key and Bernard Comrie},
  publisher = {Max Planck Institute for Evolutionary Anthropology},
  title     = {IDS},
  url       = {http://ids.clld.org/},
  year      = {2015}
}

@misc{ielex,
  author = {Dunn, Michael},
  title = {{I}ndo-{E}uropean {L}exical {C}ognacy {D}atabase},
  year = {2015},
  howpublished = {http://ielex.mpi.nl/}
}

@incollection{gruenthal2007,
  author = {Riho Gr\"unthal},
  title = {The Mordvinic languages between bush and tree},
  pages = {115--137},
  series = {M\'emoires de la Soci\'et\'e Finno-Ougrienne},
  number = {253},
  booktitle = {Sámit, sánit, sátnehámit. Riepmočála  Pekka  Sammallahtii miessemánu  21. beaivve 2007},
  editor = {Jussi Ylikoski and Ante Aikio},
  year = {2007},
  publisher = {Finno-Ugrian Society},
  address = {Helsinki}
}

@article{jaeger2013,
  author = {Gerhard J\"ager},
  journal = {Language Dynamics and Change},
  number = {2},
  pages = {245--291},
  title = {Phylogenetic Inference from Word Lists Using Weighted Alignment with Empirically Determined Weights},
  volume = {3},
  year = {2013}
}

@unpublished{jaeger_list_2015,
  author = {Gerhard J\"ager and Johann-Mattis List},
  title = {Investigating the potential of ancestral state reconstruction algorithms in historical linguistics},
  note = {Workshop ``Capturing Phylogenetic Algorithms in Linguistics'', Lorentz Center, Leiden},
  year = {2015}
}

@unpublished{jaeger_sofroniev_2016,
  author = {Gerhard J\"ager and Pavel Sofroniev},
  title = {Automatic cognate classification with a Support Vector Machine},
  note = {Proceedings of the 13th Conference on Natural Language Processing (KONVENS)},
  year = {2016}
}

@Unpublished{jaeger_list_2017,
 author = {Gerhard J\"ager and Johann-Mattis List},
 title = {Using Ancestral State Reconstruction Methods for Onomasiological Reconstruction in Multilingual Word Lists},
 note = {Draft, accepted for publication in Language Dynamics and Change},
 year = {2017},
}


@book{janhunen1977,
  title={Samojedischer Wortschatz},
  author={Juha Janhunen},
  series={Castreanumin toimitteita},
  volume={17},
  year={1977}
}

@book{janhunen1996,
  title = {Manchuria: an ethnic history},
  author = {Juha Janhunen},
  volume = {222},
  year = {1996},
  publisher = {Finno-Ugrian Society}
}

@book{janhunen2003,
  title={The Mongolic Languages},
  series={Routledge Language Family Series},
  editor={Juha Janhunen},
  year={2003},
  publisher={Routledge}
}

@article{janhunen2005,
  title={Tungusic: an endangered language family in Northeast Asia},
  author={Juha Janhunen},
  journal={International journal of the sociology of language},
  volume={2005},
  number={173},
  pages={37--54},
  year={2005}
}

@book{johanson_csato_1998,
  title = {The Turkic Languages},
  author = {Lars Johanson and {\'E}va {\'A}gnes Csat{\'o}},
  year = {1998},
  publisher = {Routledge}
}

@article{kalisch_buehlmann_2007,
  title={Estimating high-dimensional directed acyclic graphs with the PC-algorithm},
  author={Markus Kalisch and  Peter B{\"u}hlmann},
  journal={Journal of Machine Learning Research},
  volume={8},
  number={Mar},
  pages={613--636},
  year={2007}
}

@article{kalisch_ea_2012,
  title={Causal inference using graphical models with the R package pcalg},
  author={Markus Kalisch and Martin M{\"a}chler and Diego Colombo and Marloes H. Maathuis and Peter B{\"u}hlmann and others},
  journal={Journal of Statistical Software},
  volume={47},
  number={11},
  pages={1--26},
  year={2012}
}

@book{kessler2001,
  title={The significance of word lists. Statistical tests for investigating historical connections between languages.},
  author={Kessler, Brett},
  year={2001},
  publisher={CSLI Publications, Stanford}
}

@book{khalilov1993,
  author = {Halilov, Madžid Šaripovič},
  address = {Mahačkala},
  title = {Gruzinsko-dagestanskie jazykovye kontakty: (na materiale avarsko-cezskih i nekotoryh lezginskih jazykov)},
  pages = {51},
  publisher = {RAN},
  year = {1993}
}

@inbook{kobylinski2005,
  place = {Cambridge},
  series = {The New Cambridge Medieval History},
  title = {The Slavs},
  volume = {1},
  booktitle = {The New Cambridge Medieval History:},
  publisher = {Cambridge University Press},
  author = {Zbigniew Kobyliński},
  editor = {Paul Fouracre},
  year = {2005},
  month = {Dec},
  pages = {524–544},
  collection = {The New Cambridge Medieval History}
}

@incollection{koch2008,
  title = {Cognitive onomasiology and lexical change: Around the eye},
  author = {Peter Koch},
  booktitle = {From Polysemy to Semantic change: Towards a Typology of Lexical Semantic Associations},
  publisher = {Benjamins},
  address = {Amsterdam},
  pages = {107--137},
  editor = {Martine Vanhove},
  series = {Studies in Language Companion Series},
  year = {2008}
}

@book{koller_friedman_2009,
  title={Probabilistic graphical models: principles and techniques},
  author={Daphne Koller and Nir Friedman},
  year={2009},
  publisher={MIT press}
}

@inproceedings{kondrak2002,
  title = {Determining recurrent sound correspondences by inducing translation models},
  author = {Grzegorz Kondrak},
  booktitle = {Proceedings of the 19th international conference on Computational linguistics-Volume 1},
  pages = {1--7},
  year = {2002},
  organization = {Association for Computational Linguistics}
}

@inproceedings{kondrak2005,
  title={N-gram similarity and distance},
  author={Kondrak, Grzegorz},
  booktitle={International Symposium on String Processing and Information Retrieval},
  pages={115--126},
  year={2005},
  organization={Springer}
}

@article{koshi_goldstein_1996,
  year={1996},
  issn={0022-2844},
  journal={Journal of Molecular Evolution},
  volume={42},
  number={2},
  doi={10.1007/BF02198858},
  title={Probabilistic reconstruction of ancestral protein sequences},
  url={http://dx.doi.org/10.1007/BF02198858},
  publisher={Springer-Verlag},
  keywords={Bayesian statistics; Evolutionary reconstruction; Homologous sequences; Protein evolution; Maximum likelihood},
  author={Koshi, Jeffrey M. and Goldstein, Richard A.},
  pages={313-320},
  language={English}
}

@book{kronasser1952,
  title={Handbuch der Semasiologie},
  author={Heinz Kronasser},
  year={1952},
  publisher={Winter},
  address={Heidelberg}
}

@book{kroonen2013,
  title = {Etymological Dictionary of {P}roto-{G}ermanic},
  author = {Kroonen, Guus},
  year = {2013},
  publisher = {Brill},
  address = {Leiden}
}

@book{ladefoged_maddieson_1996,
  title={The Sounds of the World's Languages},
  author={Peter Ladefoged and Ian Maddieson},
  year={1996},
  publisher={Blackwell},
  address={Oxford}
}

@article{lehtinen_ea_2014,
  author = {Lehtinen, Jyri and Honkola, Terhi and Korhonen, Kalle and Syrj\"{a}nen, Kaj and Wahlberg, Niklas and Vesakoski, Outi},
  title = {Behind Family Trees - Secondary Connections in Uralic Language Networks},
  journal = {Language Dynamics and Change},
  year = {2014},
  volume = {4},
  number = {2}, 
  pages = {189-221}
}

@book{lehtiranta1989,
  title={Yhteissaamelainen sanasto},
  author={Lehtiranta, Juhani},
  series={SUST},
  volume={200},
  year={1989},
  publisher={Suomalais-ugrilainen seura}
}

@book{lehtisalo_1956,
  title={Juraksamojedisches W{\"o}rterbuch},
  author={Toivo Lehtisalo},
  series={Lexica Societatis Fenno-Ugricae. 13},
  year={1956},
  publisher={Suomalais-ugrilainen seura}
}

@article{levenshtein1965,
    author = {В. И. Левенштейн},
    year = {1965},
    title = {Двоичные коды с исправлением выпадений, вставок и замещений символов},
    journal = {Доклады Академий Наук СCCP},
    volume = {163},
    number = {4},
    pages = {845–848},
}

@book{levin1993,
  author = {Levin, Beth},
  publisher = {University of Chicago Press},
  title = {English verb classes and alternations : a preliminary investigation},
  year = 1993
}

@article{linden_ea_2011,
  title = {Hfst—framework for compiling and applying morphologies},
  author = {Krister Lind{\'e}n and Erik Axelson and Sam Hardwick and Tommi A. Pirinen and Miikka Silfverberg},
  journal = {Systems and Frameworks for Computational Morphology},
  pages = {67--85},
  year = {2011},
  publisher = {Springer}
}

@inproceedings{list2012,
  author    = {List, Johann-Mattis},
  title     = {LexStat: Automatic Detection of Cognates in Multilingual Wordlists},
  booktitle = {Proceedings of the EACL 2012 Joint Workshop of LINGVIS \& UNCLH},
  month     = {April},
  year      = {2012},
  address   = {Avignon, France},
  publisher = {Association for Computational Linguistics},
  pages     = {117--125}
}

@incollection{list2012sca,
  title = {SCA: Phonetic Alignment based on sound classes},
  author = {Johann-Mattis List},
  booktitle = {New Directions in Logic, Language and Computation},
  pages = {32--51},
  year = {2012},
  publisher = {Springer}
}

@book{list2014,
  author = {List, Johann-Mattis},
  title = {Sequence comparison in historical linguistics},
  publisher = {Düsseldorf University Press},
  address = {Düsseldorf},
  year = {2014}
}

@InProceedings{list_ea_2013,
  author    = {List, Johann-Mattis  and  Terhalle, Anselm  and  Urban, Matthias},
  title     = {Using Network Approaches to Enhance the Analysis of Cross-Linguistic Polysemies},
  booktitle = {Proceedings of the 10th International Conference on Computational Semantics (IWCS 2013)},
  year      = {2013},
  address   = {Potsdam, Germany},
  publisher = {Association for Computational Linguistics},
  pages     = {347--353}
}

@article{list_ea_2014,
  author = {List, Johann-Mattis and Nelson-Sathi, Shijulal and Geisler, Hans and Martin, William},
  title = {Networks of lexical borrowing and lateral gene transfer in language and genome evolution},
  journal = {Bioessays},
  number = {2},
  volume = {36},
  year = {2014},
  pages = {141-150}
}

@inproceedings{list_ea_2016,
  title={Using sequence similarity networks to identify partial cognates in multilingual wordlists},
  author={Johann-Mattis List and Philippe Lopez and Eric Bapteste},
  booktitle={Proceedings of the Association of Computational Linguistics},
  volume={2},
  pages={599--605},
  year={2016}
}

@article{list_ea_2017,
  title={The Potential of Automatic Word Comparison for Historical Linguistics},
  author={Johann-Mattis List and Simon J. Greenhill and Russell D. Gray},
  journal={PloS one},
  volume={12},
  number={1},
  pages={e0170046},
  year={2017},
  publisher={Public Library of Science}
}

@misc{list_forkel_2016,
  publisher = {Max Planck Institute for the Science of Human History},
  author = {Johann-Mattis List and Robert Forkel},
  url = {http://lingpy.org},
  title = {LingPy. A Python library for historical linguistics},
  year = {2016},
  address = {Jena}
}

@article{lloyd1982,
  title = {Least squares quantization in PCM},
  author = {Stuart Lloyd},
  journal = {IEEE transactions on information theory},
  volume = {28},
  number = {2},
  pages = {129--137},
  year = {1982},
  publisher = {IEEE}
}

@article{martin1966,
 author = {Samuel E. Martin},
 journal = {Language},
 number = {2},
 pages = {185-251},
 publisher = {Linguistic Society of America},
 title = {Lexical Evidence Relating Korean to Japanese},
 volume = {42},
 year = {1966}
}

@book{maslova2003,
  title={A grammar of Kolyma Yukaghir},
  author={Elena Maslova},
  volume={27},
  year={2003},
  publisher={Walter de Gruyter}
}

@inproceedings{meek1995,
  title={Causal inference and causal explanation with background knowledge},
  author={Christopher Meek},
  booktitle={Proceedings of the Eleventh conference on Uncertainty in artificial intelligence},
  pages={403--410},
  year={1995},
  organization={Morgan Kaufmann Publishers Inc.}
}

@book{menges1995,
  title={The Turkic languages and peoples: An introduction to Turkic studies},
  author={Karl Heinrich Menges},
  year={1995},
  publisher={Otto Harrassowitz Verlag}
}

@book{menovshchikov1988,
  title={Slovar’ èskimossko-russkij i russko-èskimosskij},
  author={G. A. Menovščikov},
  edition={2},
  publisher={Prosveščenie},
  address={Leningrad},
  year={1988}
}

@article{moravcsik1975,
  author = {Edith A. Moravcsik},
  title = {Verb borrowing},
  journal = {Wiener Linguistische Gazette},
  number = {8},
  pages = {3--30},
  year = {1975}
}

@book{morrison2011,
  title = {An introduction to phylogenetic networks},
  author = {David A. Morrison},
  year = {2011},
  publisher = {RJR Productions}
}

@inproceedings{muench_dellert_2015,
  author={M\"{u}nch, Alla and Dellert, Johannes},
  title={Evaluating the Potential of a Large-Scale Polysemy Network as a Model of Plausible Semantic Shifts},
  year = {2015},
  note={6th Conference on Quantitative Investigations in Theoretical Linguistics (QITL-6). November 4-6, T\"{u}bingen, Germany}
}

@article{murawaki2015,
  author = {Murawaki, Yugo},
  journal = {PLOS ONE},
  publisher = {Public Library of Science},
  title = {Spatial Structure of Evolutionary Models of Dialects in Contact},
  year = {2015},
  month = {07},
  volume = {10},
  pages = {1-15},
  number = {7}
}

@article{murawaki_yamauchi_2018,
    author = {Murawaki, Yugo and Yamauchi, Kenji},
    title = {A statistical model for the joint inference of vertical stability and horizontal diffusibility of typological features},
    journal = {Journal of Language Evolution},
    volume = {3},
    number = {1},
    pages = {13--25},
    year = {2018},
    month = {01},
}

@article{murayama1976,
 author = {Shichir\={o} Murayama},
 journal = {Journal of Japanese Studies},
 number = {2},
 pages = {413-436},
 publisher = {The Society for Japanese Studies},
 title = {The Malayo-Polynesian Component in the Japanese Language},
 volume = {2},
 year = {1976}
}

@book{myers-scotton2002,
  title = {Language contact: Bilingual encounters and grammatical outcomes},
  author = {Carol Myers-Scotton},
  publisher = {Oxford University Press},
  address = {Oxford},
  year = {2002}
}

@article{needleman_wunsch_1970,
  title={A general method applicable to the search for similarities in the amino acid sequence of two proteins},
  author={Saul B. Needleman and Christian D. Wunsch},
  journal={Journal of molecular biology},
  volume={48},
  number={3},
  pages={443--453},
  year={1970},
  publisher={Elsevier}
}

@article{nguyen_ea_2015,
  author = {Lam-Tung Nguyen and Heiko A. Schmidt and Arndt von Haeseler and Bui Quang Minh},
  title = {IQ-TREE: A Fast and Effective Stochastic Algorithm for Estimating Maximum-Likelihood Phylogenies},
  journal = {Molecular Biology and Evolution},
  volume = {32},
  number = {1},
  pages = {268},
  year = {2015}
}

@article{niepokuj1994,
  author = {Mary Niepokuj},
  title = {Reconstructing Semantics; Or, A Bad Case of the Bends},
  journal = {Annual Meeting of the Berkeley Linguistics Society},
  volume = {20},
  number = {1},
  year = {1994},
  pages = {374--386}
}

@book{nikolayev_starostin_1994,
  title = {A North Caucasian Etymological Dictionary},
  author = {Sergei L. Nikolayev and Sergei A. Starostin},
  publisher = {Asterisk Press},
  address = {Moscow},
  year = {1994}
}

@book{nikolaeva2006,
  title={A Historical Dictionary of Yukaghir},
  author={Irina Nikolaeva},
  series={Trends in Linguistics. Documentation [TiLDOC]},
  year={2006},
  publisher={De Gruyter}
}

@article{oakes2000,
  title={Computer estimation of vocabulary in a protolanguage from word lists in four daughter languages},
  author={Michael P. Oakes},
  journal={Journal of Quantitative Linguistics},
  volume={7},
  number={3},
  pages={233--243},
  year={2000},
  publisher={Taylor \& Francis}
}

@article{oliveira_ea_2008,
  author = {de Oliveira, Paulo Murilo Castro and Stauffer, Dietrich and Wichmann, S\o{}ren and de Oliveira, Suzana Moss},
  journal = {Journal of Linguistics},
  pages = {659-675},
  title = {A computer simulation of language families},
  volume = {44},
  year = {2008}
}

@article{pagel_1999,
  author = {Mark Pagel},
  citeulike-article-id = {2347011},
  journal = {Systematic Biology},
  keywords = {characters, comparative, likelihood, reconstruction},
  pages = {612--622},
  title = {The maximum likelihood approach to reconstructing ancestral character states of discrete characters in phylogenies},
  volume = {48},
  year = {1999}
}

@article{pagel_ea_2007,
    author = {Mark Pagel and Quentin D. Atkinson and Andrew Meade},
    journal = {Nature},
    number = {7163},
    pages = {717--720},
    pmid = {17928860},
    publisher = {Nature Publishing Group},
    title = {Frequency of word-use predicts rates of lexical evolution throughout Indo-European history},
    volume = {449},
    year = {2007}
}

@article{pagel_ea_2013,
  author = {Mark Pagel and Quentin D. Atkinson and Andreea S. Calude and Andrew Meade}, 
  title = {Ultraconserved words point to deep language ancestry across Eurasia},
  volume = {110}, 
  number = {21}, 
  pages = {8471-8476}, 
  year = {2013}, 
  journal = {Proceedings of the National Academy of Sciences} 
}

@book{pearl1988,
  title = {Probabilistic Reasoning in Intelligent Systems: Networks of Plausible Inference},
  author ={Judea Pearl},
  year = {1988},
  publisher={Morgan Kaufmann}
}

@book{pearl2009,
  title={Causality},
  author={Judea Pearl},
  year={2009},
  publisher={Cambridge University Press}
}

@article{perrin2010,
  title={Polysemous Qualities and Universal Networks, Invariance and Diversity},
  author={Perrin, Lo{\"\i}c-Michel},
  journal={Linguistic Discovery},
  volume={8},
  pages={1--22},
  year={2010}
}

@book{pereltsvaig_lewis_2015,
  title={The Indo-European Controversy: Facts and Fallacies in Historical Linguistics},
  author={Asya Pereltsvaig and Martin W. Lewis},
  year={2015},
  publisher={Cambridge University Press}
}

@article{piispanen2013,
  title={The Uralic-Yukaghiric connection revisited: Sound Correspondences of Geminate Clusters},
  author={Peter S. Piispanen},
  journal={Journal de la Soci{\'e}t{\'e} Finno-Ougrienne},
  volume={94},
  pages={165-197},
  year={2013}
}

@article{pupko_ea_1997,
    author = {Pupko, Tal and Pe, Itsik and Shamir, Ron and Graur, Dan},
    citeulike-article-id = {8105629},
    journal = {Molecular Biology},
    keywords = {algorithm, ancestral, dynamic, fast, joint, likelihood, maximum, molecular, programming, reconstruc-, sequences, tion, todo\_mendeley},
    pages = {890--896},
    title = {A Fast Algorithm for Joint Reconstruction of Ancestral Amino Acid Sequences},
    year = {1997}
}

@article{purvis_ea_2002,
    author = {Andy Purvis and Aris Katzourakis and Paul-Michael Agapow},
    journal = {Journal of Theoretical Biology},
    volume={214},
    number = {1},
    pages = {99--103},
    title = {Evaluating Phylogenetic Tree Shape: Two Modifications to Fusco \& Cronk's Method},
    year = {2002}
}

@inproceedings{puura_ea_2013,
  title = {The Veps language in Russia: ELDIA Case-Specific Report},
  author = {Ulriikka Puura and Heini Karjalainen and Nina Zajceva and Riho Gr\"unthal},
  booktitle = {Studies in European Language Diversity},
  address = {http://phaidra.univie.ac.at/o:315545},
  editor = {Johanna Laakso},
  publisher = {ELDIA (European Language Diversity for All)},
  year = {2013}
}

@article{raghavan_ea_2007,
  title = {Near linear time algorithm to detect community structures in large-scale networks},
  author = {Usha Nandini Raghavan and R\'eka Albert and Soundar Kumara},
  journal = {Phys. Rev. E},
  volume = {76},
  issue = {3},
  pages = {036106},
  numpages = {11},
  year = {2007},
  month = {Sep},
  publisher = {American Physical Society},
  doi = {10.1103/PhysRevE.76.036106}
}

@inproceedings{rama2015,
  title = {Automatic cognate identification with gap-weighted string subsequences.},
  booktitle = {Proceedings of the 2015 Conference of the North American Chapter of the Association for Computational Linguistics: Human Language Technologies, May 31 – June 5, 2015 Denver, Colorado, USA},
  author = {Taraka Rama},
  year = {2015},
  pages = {1227--1231}
}

@article{rama2016,
  author = {Taraka Rama},
  title = {Siamese convolutional networks based on phonetic features for cognate identification},
  journal = {CoRR},
  volume = {abs/1605.05172},
  year = {2016}
}

@article{rama_ea_2017,
  title={Fast and unsupervised methods for multilingual cognate clustering},
  author={Taraka  Rama and Johannes Wahle and Pavel Sofroniev and Gerhard J{\"a}ger},
  journal={arXiv preprint arXiv:1702.04938},
  year={2017}
}

@inproceedings{ramsey_ea_2006,
  title={Adjacency-faithfulness and conservative causal inference},
  author={Joseph Ramsey and Jiji Zhang and Peter L. Spirtes},
  booktitle={Proceedings of the 22nd Annual Conference on Uncertainty in Artificial Intelligence},
  year={2006}
}

@book{redeiUEW,
  editor={R\'{e}dei, K\'{a}roly},
  title={Uralisches etymologisches W\"{o}rterbuch},
  publisher={Akad\'{e}miai Kiad\'{o}},
  year={1988},
  address= {Budapest}
}

@misc{reichenbach1956,
  title={The Direction of Time},
  author={Hans Reichenbach},
  year={1956},
  publisher={University of California Press},
  address={New York}
}

@article{richardson_spirtes_2002,
  title = {Ancestral graph Markov models},
  author = {Thomas Richardson and Peter Spirtes},
  journal = {The Annals of Statistics},
  volume = {30},
  number = {4},
  year = {2002},
  pages = {962 -- 1030},
  publisher = {The Institute of Mathematical Statistics},
  month = {08}
}

@inproceedings{roch_snir_2012,
  author = {Sebastien Roch and Sagi Snir},
  booktitle = {RECOMB},
  editor = {Benny Chor},
  pages = {224-238},
  publisher = {Springer},
  series = {Lecture Notes in Computer Science},
  title = {Recovering the Tree-Like Trend of Evolution Despite Extensive Lateral Genetic Transfer: A Probabilistic Analysis},
  volume = 7262,
  year = 2012
}

@incollection{rona-tas1988,
 author = {R{\'o}na-Tas, Andr{\'a}s},
 title = {Turkic influence on the Uralic languages},
 booktitle = {The Uralic Languages. Description, History and Foreign Influences.},
 crossref = {sinor1988},
 pages={742--780},
}

@article{rosvall_bergstrom_2008,
  title = {Maps of random walks on complex networks reveal community structure},
  author = {Martin Rosvall and Carl T. Bergstrom},
  journal = {Proceedings of the National Academy of Sciences},
  volume = {105},
  number = {4},
  pages = {1118--1123},
  year = {2008},
  publisher = {National Academy of Sciences}
}

@incollection{rot1988,
 author = {S{\'a}ndor Rot},
 title = {Germanic influences on the Uralic languages},
 booktitle = {The Uralic Languages. Description, History and Foreign Influences.},
 crossref = {sinor1988},
 pages={682-705}
}

@article{saitou_nei_1987,
  author = {Naruya Saitou and Masatoshi Nei},
  journal = {Molecular biology and evolution},
  number = {4},
  pages = {406--425},
  publisher = {Oxford University Press},
  title = {The neighbor-joining method: a new method for reconstructing phylogenetic trees.},
  volume = {4},
  year = {1987}
}

@article{salminen2002,
  title={Problems in the taxonomy of the Uralic languages in the light of modern comparative studies},
  author={Tapani Salminen},
  journal={Lingvističeskij bespredel: sbornik statej k 70-letiju A. I. Kuznecovoj.},
  publisher={Izdatel’stvo Moskovskogo universiteta},
  pages={44--55},
  year={2002}
}

@incollection{sammallahti1988,
 booktitle = {The Uralic Languages},
 title = {Historical phonology of the Uralic languages (With Special Reference to Permic, Ugric and Samoyedic)},
 year = {1988},
 author = {Pekka Sammallahti},
 editor = {Denis Sinor},
}

@incollection{sammallahti1998,
  author = {Pekka Sammallahti},
  title = {Saamic},
  booktitle = {The Uralic Languages},
  crossref = {abondolo1998},
  pages={43--95}
}

@article{sampson_babarczy_2003,
  author = {Geoffrey Sampson and Anna Babarczy},
  title = {A test of the leaf-ancestor metric for parse accuracy},
  journal = {Natural Language Engineering},
  volume = {9},
  issue = {04},
  month = {12},
  year = {2003},
  pages = {365--380},
  numpages = {16}
}

@article{sankoff1972,
  author = {Sankoff, David},
  title = {Matching Sequences under Deletion/Insertion Constraints},
  journal = {Proceedings of the National Academy of Sciences},
  publisher = {National Academy of Sciences},
  volume = {69},
  number = {1},
  year = {1972},
  pages = {4--6}
}

@article{sankoff1975,
  title={Minimal mutation trees of sequences},
  author={Sankoff, David},
  journal={SIAM Journal on Applied Mathematics},
  volume={28},
  number={1},
  pages={35--42},
  year={1975},
  publisher={SIAM}
}

@incollection{sankoff2001,
  booktitle = {Handbook of Sociolinguistics},
  title = {Linguistic Outcomes of Language Contact},
  year = {2001},
  author = {Gillian Sankoff},
  editor = {Peter Trudgill and J. Chambers and N. Schilling-Estes},
  publisher = {Basil Blackwell},
  pages = {638--668},
  address = {Oxford}
}

@incollection{schmidt2009,
  author     = {Christopher K. Schmidt},
  booktitle  = {Loanwords in the World's Languages: A Comparative Handbook},
  editor     = {Haspelmath, Martin and Tadmor, Uri},
  pages      = {545--574},
  publisher  = {Mouton de Gruyter},
  title      = {Loanwords in Japanese},
  year       = {2009}
}

@article{schulze_ea_2008,
  author = {Christian Schulze and Dietrich Stauffer and S\o{}ren Wichmann},
  title = {Birth, survival and death of languages by Monte Carlo simulation},
  journal = {Communications in Computational Physics},
  volume={3},
  number={2},
  pages={271--294},
  year = 2008
}

@article{senn1944,
  title={Standard Lithuanian in the making},
  author={Alfred Senn},
  journal={Slavonic and East European Review. American Series},
  volume={3},
  number={2},
  pages={102--116},
  year={1944}
}

@article{sergejeva2000,
  title={The Eastern S{\'a}mi: A short account of their history and identity},
  author={Jelena Sergejeva},
  journal={Acta Borealia},
  volume={17},
  number={2},
  pages={5--37},
  year={2000},
  publisher={Taylor \& Francis}
}

@article{sicoli_holton_2014,
  author = {Mark A. Sicoli and Gary Holton},
  title = {Linguistic Phylogenies Support Back-Migration from Beringia to Asia},
  journal = {PLoS ONE},
  volume={3},
  number={9},
  pages= {e91722},
  year = {2014}
}

@article{siegl2013,
  title = {The Sociolinguistic status quo on the Taimyr Peninsula},
  author = {Florian Siegl},
  journal = {{\'E}tudes finno-ougriennes},
  number = {45},
  year = {2013},
  publisher = {Association pour le d{\'e}veloppement des {\'e}tudes finno-ougriennes}
}

@article{smolicz_radzik_2004,
  title = {Belarusian as an endangered language: can the mother tongue of an independent state be made to die?},
  author = {Jerzy J. Smolicz and Ryszard Radzik},
  journal = {International Journal of Educational Development},
  pages = {511--528},
  volume = {24},
  number = {5},
  year = {2004}
}

@article{sokal_michener_1958,
  author = {Robert R. Sokal and Charles D. Michener},
  journal = {University of Kansas Science Bulletin},
  pages = {1409-1438},
  title = {A statistical method for evaluating systematic relationships},
  volume = 38,
  year = 1958
}

@book{spirtes_ea_2000,
  author={Peter Spirtes and Clark Glymour and Richard Scheines},
  title={Causation, Prediction, and Search},
  publisher={MIT Press},
  year={2000},
  edition = {2nd}
}

@inproceedings{spirtes_richardson_1997,
  title = {A Polynomial Time Algorithm For Determining DAG Equivalence in the Presence of Latent Variables and Selection Bias},
  booktitle = {Proceedings of the 6th International Workshop on Artificial Intelligence and Statistics.},
  author = {Peter Spirtes and Thomas Richardson},
  year = {1997}
}

@book{ssa,
 title = {Suomen sanojen alkuperä. Etymologinen sanakirja.},
 address = {Helsinki},
 publisher = {Suomalaisen Kirjallisuuden Seura / Kotimaisten kielten keskus},
 year = {1992--2000},
 editor = {Erkki Itkonen and Ulla-Maija Kulonen}
}

@article{steiner_ea_2011,
  author = {Steiner, Lydia and Stadler, Peter and Cysouw, Michael},
  title = {A Pipeline for Computational Historical Linguistics},
  journal = {Language Dynamics and Change},
  year = {2011},
  volume = {1},
  number = {1},
  pages = {89--127}
}

@inproceedings{steudel_ea_2010,
  title = {Causal Markov condition for submodular information measures},
  author = {Steudel, B. and Janzing, D. and Sch{\"o}lkopf, B.},
  booktitle = {Proceedings of the 23rd Annual Conference on Learning Theory},
  address = {Madison, WI, USA},
  editor = {Kalai, AT and Mohri, M},
  publisher = {OmniPress},
  month = jun,
  pages = {464-476},
  journal = {COLT 2010: The 23rd Annual Conference on Learning Theory},
  year = {2010},
  event_name = {COLT 2010},
  event_place = {Haifa, Israel},
}

@book{suhonen1973,
  title={Die jungen lettischen Lehnw\"orter im Livischen},
  author={Seppo Suhonen},
  year = {1973},
  publisher = {M\'emoires de la Soci\'et\'e Finno-Ougrienne 154},
  address = {Helsinki}
}

@incollection{suhonen1988,
 author = {Seppo Suhonen},
 title = {Die baltischen Lehnw\"orter der finnisch-ugrischen Sprachen},
 booktitle = {The Uralic Languages. Description, History and Foreign Influences.},
 crossref = {sinor1988},
 pages={596-615}
}

@article{swadesh1955,
  title={Towards greater accuracy in lexicostatistic dating},
  author={Swadesh, Morris},
  journal={International journal of American linguistics},
  volume={21},
  number={2},
  pages={121--137},
  year={1955},
  publisher={JSTOR}
}

@book{swafford2002,
  title={PAUP*. Phylogenetic Analysis Using Parsimony (*and Other Methods). Version 4},
  author={Swafford, D.L.},
  year = {2002},
  publisher = {Sinauer Associates},
  address = {Sunderland, Mass.}
}

@book{sweetser1991,
  title={From etymology to pragmatics: Metaphorical and cultural aspects of semantic structure},
  author={Sweetser, Eve},
  year={1991},
  publisher={Cambridge University Press}
}

@article{syrjanen_ea_2013,
  title={Shedding more light on language classification using basic vocabularies and phylogenetic methods: a case study of {U}ralic},
  author={Syrj{\"a}nen, Kaj and Honkola, Terhi and Korhonen, Kalle and Lehtinen, Jyri and Vesakoski, Outi and Wahlberg, Niklas},
  journal={Diachronica},
  volume={30},
  number={3},
  pages={323--352},
  year={2013},
  publisher={John Benjamins Publishing Company}
}

@incollection{schulte2009,
  title = {Loanwords in Romanian},
  author = {Kim Schulte},
  booktitle = {Loanwords in the World's Languages: A Comparative Handbook},
  editor = {Haspelmath, Martin and Tadmor, Uri},
  pages = {230--259},
  publisher = {Mouton de Gruyter},
  year = {2009}
}

@book{taagepera2013,
  title = {The Finno-Ugric republics and the Russian state},
  author = {Rein Taagepera},
  year = {2013},
  publisher = {Routledge}
}

@incollection{tadmor2009,
  author     = {Tadmor, Uri},
  booktitle  = {Loanwords in the World's Languages: A Comparative Handbook},
  editor     = {Haspelmath, Martin and Tadmor, Uri},
  pages      = {55–75},
  publisher  = {Mouton de Gruyter},
  title      = {Loanwords in the world's languages: Findings and results},
  year       = {2009}
}

@misc{tatoeba,
  author    = {Trang Ho and Allan Simon},
  title     = {Tatoeba: Collection of sentences and translations},
  year = {2016},
  howpublished = {http://tatoeba.org/eng/}
}

@book{thomason_kaufman_1988,
  title={Language Contact, Creolization, and Genetic Linguistics},
  author={Sarah Grey Thomason and Terrence Kaufman},
  year={1988},
  publisher={University of California Press},
  address={Berkeley and Los Angeles}
}

@incollection{thordarson2009,
  title={Ossetic Language i. History and Description},
  author={Fridrik Thordarson},
  booktitle={Encyclop\ae{}dia Iranica, Online Version},
  editor={Ehsan Yarshater},
  pages={http://www.iranicaonline.org/articles/ossetic},
  year={2009},
  publisher={Encyclop\ae{}dia Iranica Foundation},
  address={London}
}

@book{traugott_dasher_2002,
  title={Regularity in Semantic Change},
  author={Traugott, E. C. and Dasher, R. B.},
  series={Cambridge Studies in Linguistics},
  year={2002},
  publisher={Cambridge University Press}
}

@article{turchin_ea_2010,
  title={Analyzing genetic connections between languages by matching consonant classes},
  author={Peter Turchin and Ilja Peiros and Murray Gell-Mann},
  journal={Journal of Language Relationship},
  volume={3},
  pages={117--126},
  year={2010}
}

@incollection{vajda2009,
  author     = {Edward J. Vajda},
  booktitle  = {Loanwords in the World's Languages: A Comparative Handbook},
  editor     = {Haspelmath, Martin and Tadmor, Uri},
  pages      = {471--495},
  publisher  = {Mouton de Gruyter},
  title      = {Loanwords in Ket},
  year       = {2009}
}

@article{vajda2010,
  title={A Siberian link with Na-Dene languages},
  author={Edward J. Vajda},
  journal={Archeological Papers of the University of Alaska},
  volume={5},
  number={New Series},
  pages={33--99},
  year={2010}
}

@article{van-hout_muysken_1994,
  title={Modeling lexical borrowability},
  author={Roeland van Hout and Pieter Muysken},
  journal={Language Variation and Change},
  year={1994},
  volume={6},
  number={1},
  month={Mar},
  pages={39--62},
  publisher={Cambridge University Press},
  place = {New York, USA}
}

@article{vejdemo_hoerberg_2016,
  author = {Susanne Vejdemo and Thomas H\"orberg},
  journal = {PLOS ONE},
  publisher = {Public Library of Science},
  title = {Semantic Factors Predict the Rate of Lexical Replacement of Content Words},
  year = {2016},
  month = {01},
  volume = {11},
  pages = {1-15},
  number = {1}
}

@misc{viires_vahtre_1993,
  title = {The Red Book of the Peoples of the Russian Empire},
  author = {Ants Viires and Lauri Vahtre},
  year = {1993},
  publisher = {Red Book},
  address = {Tallinn},
  note = {http://www.eki.ee/books/redbook}
}

@incollection{viitso1998,
 author = {Tiit-Rein Viitso},
 title = {Fennic},
 booktitle = {The Uralic Languages},
 crossref = {abondolo1998},
 pages={96--114}
}

@book{volodin1989,
  title={Slovar’ itel’mensko-russkij i russko-itel’menskij},
  author={A. P. Volodin and K. N. Halojmova},
  publisher={Prosveščenie},
  address={Leningrad},
  year={1989}
}

@incollection{volodin_skorik_1997,
  title={Čukotskij jazyk},
  author={A. P. Volodin and P. J. Skorik},
  booktitle={Jazyki mira: Paleoaziatskie jazyki},
  publisher={Indrik},
  address={Moskva},
  pages={23--39},
  year={1997},
  note = {http://www.philology.ru/linguistics4/volodin-skorik-97.htm}
}

@misc{wells1995,
  title={Computer-coding the IPA: a proposed extension of SAMPA},
  author={John C. Wells},
  year = {1995},
  howpublished = {http://www.phon.ucl.ac.uk/home/sampa/x-sampa.htm}
}

@article{wen_ea_2016,
  title = {Bayesian inference of reticulate phylogenies under the multispecies network coalescent},
  author = {Dingqiao Wen and Yun Yu and Luay Nakhleh},
  journal = {PLoS Genet},
  volume = {12},
  number = {5},
  pages = {e1006006},
  year = {2016},
  publisher = {Public Library of Science}
}

@inproceedings{wettig_ea_2012,
  author={Hannes Wettig and Javad Nouri and Kirill Reshetnikov and Roman Yangarber},
  title={Information-theoretic Methods for Analysis and Inference in Etymology},
  year = {2012},
  booktitle={Proceedings of WITMSE-2012: the Fifth Workshop on Information-theoretic Methods in Science and Engineering, Amsterdam}
}

@incollection{wichmann_wohlgemuth_2008,
 author = {S\o{}ren Wichmann and Jan Wohlgemuth},
 title = {Loan verbs in a typological perspective},
 booktitle = {Aspects of Language Contact},
 crossref = {stolz_ea_2008},
 pages={89-122}
}

@article{willems_ea_2014,
  title={A new efficient algorithm for inferring explicit hybridization networks following the Neighbor-Joining principle},
  author={Matthieu Willems and Nadia Tahiri and Vladimir Makarenkov},
  journal={Journal of bioinformatics and computational biology},
  volume={12},
  number={05},
  pages={1450024},
  year={2014},
  publisher={World Scientific}
}

@article{willems_ea_2016,
  title={Using hybridization networks to retrace the evolution of Indo-European languages},
  author={Willems, Matthieu and Lord, Etienne and Laforest, Louise and Labelle, Gilbert and Lapointe, Fran{\c{c}}ois-Joseph and Di Sciullo, Anna Maria and Makarenkov, Vladimir},
  journal={BMC Evolutionary Biology},
  volume={16},
  number={1},
  pages={180},
  year={2016},
  publisher={BioMed Central}
}

@book{wold,
  address   = {Leipzig},
  editor    = {Martin Haspelmath and Uri Tadmor},
  publisher = {Max Planck Institute for Evolutionary Anthropology},
  title     = {WOLD},
  url       = {http://wold.clld.org/},
  year      = {2009}
}

@incollection{wold-cmn,
  address   = {Leipzig},
  author    = {Thekla Wiebusch},
  booktitle = {World Loanword Database},
  editor    = {Martin Haspelmath and Uri Tadmor},
  publisher = {Max Planck Institute for Evolutionary Anthropology},
  title     = {Mandarin Chinese},
  url       = {http://wold.clld.org/vocabulary/22},
  year      = {2009}
}

@incollection{wold-eng,
  address   = {Leipzig},
  author    = {Anthony Grant},
  booktitle = {World Loanword Database},
  editor    = {Martin Haspelmath and Uri Tadmor},
  publisher = {Max Planck Institute for Evolutionary Anthropology},
  title     = {English},
  url       = {http://wold.clld.org/vocabulary/13},
  year      = {2009}
}

@incollection{wold-jpn,
  address   = {Leipzig},
  author    = {Christopher K. Schmidt},
  booktitle = {World Loanword Database},
  editor    = {Martin Haspelmath and Uri Tadmor},
  publisher = {Max Planck Institute for Evolutionary Anthropology},
  title     = {Japanese},
  url       = {http://wold.clld.org/vocabulary/21},
  year      = {2009}
}

@incollection{wold-ket,
  address   = {Leipzig},
  author    = {Edward J. Vajda and Andrey Nefedov},
  booktitle = {World Loanword Database},
  editor    = {Martin Haspelmath and Uri Tadmor},
  publisher = {Max Planck Institute for Evolutionary Anthropology},
  title     = {Ket},
  url       = {http://wold.clld.org/vocabulary/18},
  year      = {2009}
}

@incollection{wold-nld,
  address   = {Leipzig},
  author    = {Nicoline van der Sijs},
  booktitle = {World Loanword Database},
  editor    = {Martin Haspelmath and Uri Tadmor},
  publisher = {Max Planck Institute for Evolutionary Anthropology},
  title     = {Dutch},
  url       = {http://wold.clld.org/vocabulary/12},
  year      = {2009}
}

@incollection{wold-ron,
  address   = {Leipzig},
  author    = {Kim Schulte},
  booktitle = {World Loanword Database},
  editor    = {Martin Haspelmath and Uri Tadmor},
  publisher = {Max Planck Institute for Evolutionary Anthropology},
  title     = {Romanian},
  url       = {http://wold.clld.org/vocabulary/8},
  year      = {2009}
}

@incollection{wold-sah,
  address   = {Leipzig},
  author    = {Brigitte Pakendorf and Innokentij Novgorodov},
  booktitle = {World Loanword Database},
  editor    = {Martin Haspelmath and Uri Tadmor},
  publisher = {Max Planck Institute for Evolutionary Anthropology},
  title     = {Sakha},
  url       = {http://wold.clld.org/vocabulary/19},
  year      = {2009}
}

@incollection{wold-sjd,
  address   = {Leipzig},
  author    = {Michael Rießler},
  booktitle = {World Loanword Database},
  editor    = {Martin Haspelmath and Uri Tadmor},
  publisher = {Max Planck Institute for Evolutionary Anthropology},
  title     = {Kildin Saami},
  url       = {http://wold.clld.org/vocabulary/14},
  year      = {2009}
}

@article {yang_ea_1995,
  author = {Yang, Z. and Kumar, S. and Nei, M.},
  title = {A new method of inference of ancestral nucleotide and amino acid sequences.},
  volume = {141},
  number = {4},
  pages = {1641--1650},
  year = {1995},
  publisher = {Genetics},
  abstract = {A statistical method was developed for reconstructing the nucleotide or amino acid sequences of extinct ancestors, given the phylogeny and sequences of the extant species. A model of nucleotide or amino acid substitution was employed to analyze data of the present-day sequences, and maximum likelihood estimates of parameters such as branch lengths were used to compare the posterior probabilities of assignments of character states (nucleotides or amino acids) to interior nodes of the tree; the assignment having the highest probability was the best reconstruction at the site. The lysozyme c sequences of six mammals were analyzed by using the likelihood and parsimony methods. The new likelihood-based method was found to be superior to the parsimony method. The probability that the amino acids for all interior nodes at a site reconstructed by the new method are correct was calculated to be 0.91, 0.86, and 0.73 for all, variable, and parsimony-informative sites, respectively, whereas the 
corresponding probabilities for the parsimony method were 0.84, 0.76, and 0.51, respectively. The probability that an amino acid in an ancestral sequence is correctly reconstructed by the likelihood analysis ranged from 91.3 to 98.7\% for the four ancestral sequences.},
  issn = {0016-6731},
  URL = {http://www.genetics.org/content/141/4/1641},
  eprint = {http://www.genetics.org/content/141/4/1641.full.pdf},
  journal = {Genetics}
}

@book{yeung2008,
  title = {Information theory and network coding},
  author = {Raymond W Yeung},
  year = {2008},
  publisher = {Springer Science \& Business Media}
}

@article{youn_ea_2016,
  title={On the universal structure of human lexical semantics},
  author={Youn, Hyejin and Sutton, Logan and Smith, Eric and Moore, Cristopher and Wilkins, Jon F. and Maddieson, Ian and Croft, William and Bhattacharya, Tanmoy},
  journal={Proceedings of the National Academy of Sciences},
  volume={113},
  number={7},
  pages={1766--1771},
  year={2016},
  publisher={National Academy of Sciences}
}

@incollection{zachrisson2008,
  title = {The S{\'a}mi and their interaction with the Nordic peoples},
  author = {Inger Zachrisson},
  booktitle = {The Viking World},
  editor = {Stefan Brink and Neil Price},
  pages = {32--39},
  year = {2008},
  publisher = {Routledge}
}

@book{zajceva2010,
  author={N. G. Zajceva},
  title={Uz’ vepsä-venäläine vajehnik = Novyj vepssko-russkij slovar’},
  publisher={Periodika},
  year={2010},
  address= {Petrozavodsk}
}

@article{zalizniak_ea_2012,
  author = {Anna A. Zalizniak and Maria Bulakh and Dmitrij Ganenkov and Ilya Gruntov and Timur Maisak and Maxim Russo}, 
  title = {The catalogue of semantic shifts as a database for lexical semantic typology},
  journal = {Linguistics},
  year = {2012},
  volume = {50},
  number = {3},
  pages = {633 -- 669}
}

@phdthesis{zhang2006,
  title={Causal inference and reasoning in causally insufficient systems},
  author={Jiji Zhang},
  year={2006},
  school={PhD thesis, Carnegie Mellon University}
}

@article{zhang2008,
  author = {Jiji Zhang},
  title = {On the completeness of orientation rules for causal discovery in the presence of latent confounders and selection bias},
  journal = {Artificial Intelligence},
  volume = {172},
  number = {16},
  pages = {1873 -- 1896},
  year = {2008}
}

@book{abondolo1998,
  title = {The Uralic Languages},
  editor = {Daniel M. Abondolo},
  series = {Language Family Descriptions Series},
  year = {1998},
  publisher= {Routledge}
}

@book{dahl_koptjevskaja-tamm_2001,
  title = {The Uralic Languages},
  editor = {Dahl, \"{O}sten and Koptjevskaja-Tamm, Maria},
  series = {Studies in Language Companion Series},
  publisher = {Benjamins},
  volume = {54},
  year = {2001}
}

@book{sinor1988,
 title = {The Uralic Languages. Description, History and Foreign Influences.},
 address = {Leiden},
 publisher = {Brill},
 year = {1988},
 series = {Handbuch der Orientalistik 8},
 editor = {Denis Sinor}
}

@book{stolz_ea_2008,
 title = {Aspects of Language Contact: New Theoretical, Methodological and Empirical Findings with Special Focus on Romancisation Processes},
 address = {Berlin},
 publisher = {Mouton de Gruyter},
 year = {2008},
 editor = {Thomas Stolz and Dik Bakker and Rosa Salas Palomo}
}
